@book{paper,
author = {Snider, J. M.},
year = {2009},
month = {02},
pages = {},
title = {Automatic Steering Methods for Autonomous Automobile Path Tracking}
}